<record><leader>00000cas a22000007a 4500</leader><controlfield tag="001">15647980</controlfield><controlfield tag="008">870508d197219uumsuwr ne      0    0eng d</controlfield><datafield ind1=" " ind2=" " tag="010"><subfield code="a">sn 87065360 </subfield></datafield><datafield ind1=" " ind2=" " tag="040"><subfield code="a">MJA</subfield><subfield code="b">eng</subfield><subfield code="c">MJA</subfield><subfield code="d">MSJ</subfield><subfield code="d">OCLCQ</subfield></datafield><datafield ind1=" " ind2=" " tag="042"><subfield code="a">msc</subfield></datafield><datafield ind1="0" ind2="4" tag="245"><subfield code="a">The Ledger-review.</subfield></datafield><datafield ind1=" " ind2=" " tag="260"><subfield code="a">Lucedale, Miss. :</subfield><subfield code="b">[s.n.]</subfield></datafield><datafield ind1=" " ind2=" " tag="310"><subfield code="a">Weekly</subfield></datafield><datafield ind1="1" ind2=" " tag="362"><subfield code="a">Began in 1972.</subfield></datafield><datafield ind1=" " ind2=" " tag="580"><subfield code="a">Formed by the union of: Lucedale ledger, and : Leakesville ledger, and: Leaf River review.</subfield></datafield><datafield ind1=" " ind2=" " tag="588"><subfield code="a">Description based on: Vol. 1, no. 38 (Nov. 16, 1972).</subfield></datafield><datafield ind1=" " ind2=" " tag="752"><subfield code="a">United States</subfield><subfield code="b">Mississippi</subfield><subfield code="c">George</subfield><subfield code="d">Lucedale.</subfield></datafield><datafield ind1=" " ind2=" " tag="752"><subfield code="a">United States</subfield><subfield code="b">Mississippi</subfield><subfield code="c">Perry.</subfield></datafield><datafield ind1=" " ind2=" " tag="752"><subfield code="a">United States</subfield><subfield code="b">Mississippi</subfield><subfield code="c">Greene.</subfield></datafield><datafield ind1="1" ind2="4" tag="780"><subfield code="t">Lucedale ledger</subfield><subfield code="w">(OCoLC)15648047</subfield></datafield><datafield ind1="1" ind2="4" tag="780"><subfield code="t">Leakesville ledger</subfield><subfield code="w">(OCoLC)15581922</subfield></datafield><datafield ind1="1" ind2="4" tag="780"><subfield code="t">Leaf River review</subfield></datafield></record>